<record><leader>00000cas a2200000 a 4500</leader><controlfield tag="001">25674504</controlfield><controlfield tag="008">920418d19211921iluwr ne      0    0eng c</controlfield><datafield ind1=" " ind2=" " tag="010"><subfield code="a">sn 92055120 </subfield></datafield><datafield ind1=" " ind2=" " tag="040"><subfield code="a">NVF</subfield><subfield code="b">eng</subfield><subfield code="c">NVF</subfield><subfield code="d">OCLCQ</subfield><subfield code="d">NVF</subfield><subfield code="d">OCLCQ</subfield><subfield code="d">OCLCF</subfield><subfield code="d">OCLCO</subfield></datafield><datafield ind1=" " ind2=" " tag="019"><subfield code="a">25734632</subfield></datafield><datafield ind1="1" ind2=" " tag="029"><subfield code="a">AU@</subfield><subfield code="b">000020700771</subfield></datafield><datafield ind1=" " ind2=" " tag="042"><subfield code="a">pcc</subfield></datafield><datafield ind1=" " ind2=" " tag="043"><subfield code="a">n-us-il</subfield></datafield><datafield ind1="0" ind2=" " tag="130"><subfield code="a">New age (Chicago, Ill.)</subfield></datafield><datafield ind1="1" ind2="4" tag="245"><subfield code="a">The new age.</subfield></datafield><datafield ind1=" " ind2=" " tag="260"><subfield code="a">Chicago, Ill. :</subfield><subfield code="b">Scandinavian Socialist Federation,</subfield><subfield code="c">1921.</subfield></datafield><datafield ind1=" " ind2=" " tag="300"><subfield code="a">v.</subfield></datafield><datafield ind1=" " ind2=" " tag="310"><subfield code="a">Weekly</subfield></datafield><datafield ind1="0" ind2=" " tag="362"><subfield code="a">Vol. 10, [no.] 490 (Mar. 25, 1921)-v. 10, [no.] 503 (July 1, 1921).</subfield></datafield><datafield ind1=" " ind2="0" tag="650"><subfield code="a">Labor movement</subfield><subfield code="z">Illinois</subfield><subfield code="z">Chicago</subfield><subfield code="v">Newspapers.</subfield></datafield><datafield ind1=" " ind2="0" tag="651"><subfield code="a">Chicago (Ill.)</subfield><subfield code="v">Newspapers.</subfield></datafield><datafield ind1=" " ind2="7" tag="655"><subfield code="a">Newspapers.</subfield><subfield code="2">fast</subfield><subfield code="0">(OCoLC)fst01423814</subfield></datafield><datafield ind1=" " ind2="7" tag="650"><subfield code="a">Labor movement.</subfield><subfield code="2">fast</subfield><subfield code="0">(OCoLC)fst00990079</subfield></datafield><datafield ind1=" " ind2="7" tag="651"><subfield code="a">Illinois</subfield><subfield code="z">Chicago.</subfield><subfield code="2">fast</subfield><subfield code="0">(OCoLC)fst01204048</subfield></datafield><datafield ind1=" " ind2=" " tag="752"><subfield code="a">United States</subfield><subfield code="b">Illinois</subfield><subfield code="c">Cook</subfield><subfield code="d">Chicago.</subfield></datafield><datafield ind1="0" ind2="0" tag="780"><subfield code="t">New world (Chicago, Ill. : 1921)</subfield><subfield code="w">(DLC)sn 95066053</subfield><subfield code="w">(OCoLC)32028196</subfield></datafield><datafield ind1="0" ind2="0" tag="785"><subfield code="t">Voice of labor (Chicago, Ill. : 1921)</subfield><subfield code="w">(DLC)sn 92055123</subfield><subfield code="w">(OCoLC)25674621</subfield></datafield></record>